@inproceedings{LBHN16,
  author    = "Yi Lin and Stephen M.~Blackburn and Antony L.~Hosking and Michael Norrish",
  title     = {Rust as a language for high performance {GC} implementation},
  booktitle = {Proceedings of the 2016 {ACM} {SIGPLAN} International Symposium on
               Memory Management, Santa Barbara, CA, USA, June 14 - 14, 2016},
  pages     = {89--98},
  publisher = {ACM},
  year      = {2016}
}

@article{ZXDCW18,
  author    = "Zibin Zheng and
               Shaoan Xie and
               Hong{-}Ning Dai and
               Xiangping Chen and
               Huaimin Wang",
  title     = {Blockchain challenges and opportunities: a survey},
  journal   = "{International Journal of Web and Grid Services}",
  volume    = {14},
  number    = {4},
  pages     = {352--375},
  year      = {2018}
 }
 
@inproceedings{LS17,
  author    = {Yi Li and
               Meng Sun},
  title     = "{Component-Based Modeling in Mediator}",
  booktitle = {Proceedings of FACS 2017},
  pages     = {1--19},
  series    = {Lecture Notes in Computer Science},
  volume    = {10487},
  publisher = {Springer},
  year      = {2017}
}

@article{BDLPY11,
  author    = {Gerd Behrmann and
               Alexandre David and
               Kim Guldstrand Larsen and
               Paul Pettersson and
               Wang Yi},
  title     = {Developing {UPPAAL} over 15 years},
  journal   = {Software - Practice and Experience},
  volume    = {41},
  number    = {2},
  pages     = {133--142},
  year      = {2011}
}

@inproceedings{AR18,
  author    = {Leonardo Alt and
               Christian Reitwie{\ss}ner},
  title     = "{SMT-Based Verification of Solidity Smart Contracts}",
  booktitle = {Proceedings of ISoLA 2018, Part {IV}},
  pages     = {376--388},
  series    = {Lecture Notes in Computer Science},
  volume    = {11247},
  publisher = {Springer},
  year      = {2018}
}

@inproceedings{filliatre2013why3,
  title={Why3-where programs meet provers},
  author={Filli{\^a}tre, Jean-Christophe and Paskevich, Andrei},
  booktitle={European Symposium on Programming},
  pages={125--128},
  year={2013},
  organization={Springer}
}

@misc{nakamoto2008bitcoin,
  title={Bitcoin: A peer-to-peer electronic cash system},
  author={Nakamoto, Satoshi and others},
  year={2008},
  publisher={Working Paper}
}

@article{atzei2016survey,
  title={A survey of attacks on Ethereum smart contracts.},
  author={Atzei, Nicola and Bartoletti, Massimo and Cimoli, Tiziana},
  journal={IACR Cryptology ePrint Archive},
  volume={2016},
  pages={1007},
  year={2016}
}

@article{wood2014ethereum,
  title={Ethereum: A secure decentralised generalised transaction ledger},
  author={Wood, Gavin},
  journal={Ethereum project yellow paper},
  volume={151},
  pages={1--32},
  year={2014}
}

@inproceedings{hildenbrandt2017kevm,
  author    = {Everett Hildenbrandt and
               Manasvi Saxena and
               Nishant Rodrigues and
               Xiaoran Zhu and
               Philip Daian and
               Dwight Guth and
               Brandon M. Moore and
               Daejun Park and
               Yi Zhang and
               Andrei Stefanescu and
               Grigore Rosu},
  title     = {{KEVM:} {A} Complete Formal Semantics of the Ethereum Virtual Machine},
  booktitle = {31st {IEEE} Computer Security Foundations Symposium, {CSF} 2018, Oxford,
               United Kingdom, July 9-12, 2018},
  pages     = {204--217},
  year      = {2018},
  publisher = {{IEEE} Computer Society}
}

@inproceedings{hirai2017defining,
  title={Defining the ethereum virtual machine for interactive theorem provers},
  author={Hirai, Yoichi},
  booktitle={International Conference on Financial Cryptography and Data Security},
  pages={520--535},
  year={2017},
  organization={Springer}
}

@inproceedings{sergey2017concurrent,
  title={A concurrent perspective on smart contracts},
  author={Sergey, Ilya and Hobor, Aquinas},
  booktitle={International Conference on Financial Cryptography and Data Security},
  pages={478--493},
  year={2017},
  organization={Springer}
}

@inproceedings{luu2016making,
  title={Making smart contracts smarter},
  author={Luu, Loi and Chu, Duc-Hiep and Olickel, Hrishi and Saxena, Prateek and Hobor, Aquinas},
  booktitle={Proceedings of the 2016 ACM SIGSAC Conference on Computer and Communications Security},
  pages={254--269},
  year={2016},
  organization={ACM}
}
@inproceedings{bhargavan2016formal,
  title={Formal verification of smart contracts: Short paper},
  author={Karthikeyan Bhargavan and
               Antoine Delignat{-}Lavaud and
               C{\'{e}}dric Fournet and
               Anitha Gollamudi and
               Georges Gonthier and
               Nadim Kobeissi and
               Natalia Kulatova and
               Aseem Rastogi and
               Thomas Sibut{-}Pinote and
               Nikhil Swamy and
               Santiago Zanella B{\'{e}}guelin},
  booktitle={Proceedings of PLAS@CCS 2016},
  pages={91--96},
  year={2016},
  publisher={{ACM}}
}
@Misc{hevm,
author  = {{The Hevm Project}},
howpublished = {\url{https://github.com/dapphub/dapptools/tree/master/src/hevm}},
note = {Last accessed April 2, 2019}
}
@Misc{cryptape,
author = {{A Ruby implementation of Ethereum}},
howpublished = {\url{https://github.com/cryptape/ruby-ethereum}},
note = {Last accessed April 2, 2019}
}

@Misc{vmjs,
author = {{Implements Ethereum's VM in Javascript}},
howpublished = {\url{https://github.com/ethereumjs/ethereumjs-vm}},
note = {Last accessed April 2, 2019}
}

@misc{vmgo,
author = {{Official Go implementation of the Ethereum protocol}},
howpublished = {\url{https://github.com/ethereum/go-ethereum}},
note = {Last accessed April 2, 2019}
}

@misc{solidity,
author = {{Solidity Documentation}},
howpublished = {\url{https://solidity.readthedocs.io/en/v0.5.6/}},
note = {Last accessed April 2, 2019}
}

@misc{Ethereum,
author = {Ethereum},
howpublished = {\url{https://github.com/ethereum}},
note = {Last accessed April 2, 2019}
}

@misc{Examples,
author = {Examples},
howpublished = {\url{https://github.com/Xiyue-Selina/coordination20}}
}